<?xml version="1.0" encoding="UTF-8"?><collection xmlns="http://www.loc.gov/MARC21/slim"><record><leader>00378nam--2200145-i-4500</leader><controlfield tag="001">000006931</controlfield><controlfield tag="002">20161230</controlfield><controlfield tag="005">20170305215143</controlfield><controlfield tag="008">060222s1000------------r-----000-0-eng-d</controlfield><datafield ind1=" " ind2=" " tag="100"><subfield code="a">Brown, W. E</subfield></datafield><datafield ind1=" " ind2=" " tag="245"><subfield code="a">Diffusion and membrane technology</subfield></datafield><datafield ind1=" " ind2=" " tag="260"><subfield code="a">New York</subfield><subfield code="b">Reinhold Publishing Corp</subfield><subfield code="c">1962</subfield></datafield><datafield ind1=" " ind2=" " tag="300"><subfield code="a">IX + 421 p</subfield></datafield><datafield ind1=" " ind2=" " tag="700"><subfield code="a">Miller, L. P</subfield></datafield><datafield ind1=" " ind2=" " tag="CAT"><subfield code="a">SYS</subfield><subfield code="c">20170305</subfield><subfield code="h">215143</subfield></datafield></record></collection>